<?xml version="1.0" encoding="UTF-8"?><collection xmlns="http://www.loc.gov/MARC21/slim"><record><leader>00547nam--2200193-u-4500</leader><controlfield tag="001">000054233</controlfield><controlfield tag="002">20161230</controlfield><controlfield tag="005">20161230201051</controlfield><controlfield tag="008">110919s1000------------r-----000-0-rus-d</controlfield><datafield ind1=" " ind2=" " tag="040"><subfield code="a">IFIN-HH</subfield></datafield><datafield ind1=" " ind2=" " tag="041"><subfield code="a">rus</subfield></datafield><datafield ind1=" " ind2=" " tag="080"><subfield code="a">538.955:681.327.6</subfield></datafield><datafield ind1="1" ind2=" " tag="100"><subfield code="a">Eschenfelder, A.H</subfield></datafield><datafield ind1="1" ind2="0" tag="245"><subfield code="a">Fizika i tehnika tilindticeskih magnitnih domenov</subfield><subfield code="c">A.h. eschenfelder</subfield></datafield><datafield ind1=" " ind2=" " tag="260"><subfield code="a">Moskva</subfield><subfield code="b">Mir</subfield><subfield code="c">1983</subfield></datafield><datafield ind1=" " ind2=" " tag="300"><subfield code="a">496P</subfield></datafield><datafield ind1=" " ind2=" " tag="500"><subfield code="a">Titlul Original In Limba Engleza: Magnetic Bubble Technology</subfield></datafield><datafield ind1=" " ind2=" " tag="852"><subfield code="a">71925</subfield><subfield code="c">538.221</subfield></datafield><datafield ind1=" " ind2=" " tag="CAT"><subfield code="a">Sys</subfield><subfield code="c">20110919</subfield><subfield code="h">133442</subfield></datafield></record></collection>